<record><leader>00000cas a22000007a 4500</leader><controlfield tag="001">13460903</controlfield><controlfield tag="008">860421d18831884nvuwr ne      0    0eng d</controlfield><datafield ind1=" " ind2=" " tag="010"><subfield code="a">sn 86076034 </subfield></datafield><datafield ind1=" " ind2=" " tag="040"><subfield code="a">NNX</subfield><subfield code="b">eng</subfield><subfield code="c">NNX</subfield><subfield code="d">OCLCQ</subfield></datafield><datafield ind1=" " ind2=" " tag="042"><subfield code="a">msc</subfield></datafield><datafield ind1="0" ind2="4" tag="245"><subfield code="a">The Reno democrat.</subfield></datafield><datafield ind1=" " ind2=" " tag="260"><subfield code="a">Reno, Nev. :</subfield><subfield code="b">R. Glen,</subfield><subfield code="c">1883-</subfield></datafield><datafield ind1=" " ind2=" " tag="300"><subfield code="a">v.</subfield></datafield><datafield ind1=" " ind2=" " tag="310"><subfield code="a">Weekly</subfield></datafield><datafield ind1="0" ind2=" " tag="362"><subfield code="a">Vol. 1, no. 1 (Dec. 17, 1883)-</subfield></datafield><datafield ind1="1" ind2=" " tag="362"><subfield code="a">Ceased in Nov. 1884.</subfield><subfield code="z">Cf. Lingenfelter, R. Newspapers of Nev., 1854-1979.</subfield></datafield><datafield ind1=" " ind2=" " tag="500"><subfield code="a">Publisher: Jan. 7, 1884-Apr. 26, 1884, Whitehead &amp; Glen; May 3, 1884-&lt;Aug. 2, 1884&gt;, Whitehead &amp; Hagerman.</subfield></datafield><datafield ind1=" " ind2=" " tag="752"><subfield code="a">United States</subfield><subfield code="b">Nevada</subfield><subfield code="c">Washoe</subfield><subfield code="d">Reno.</subfield></datafield></record>